{
  "company": "Taiwan Semiconductor Manufacturing",
  "ticker": "TSM",
  "currency": "NT$",
  "unit": "million",
  "generatedAt": "2026-02-24",
  "nextEarningsDate": "2026-04-17",
  "quarters": [
    {
      "label": "FY2021 Q3",
      "fy": 2021,
      "q": 3,
      "revenue": 414671,
      "costOfRevenue": 201925,
      "grossProfit": 212746,
      "operatingExpenses": 41742,
      "operatingIncome": 171004,
      "nonOperatingIncome": 2848,
      "incomeBeforeTax": 173852,
      "incomeTaxExpense": 17593,
      "netIncome": 156259,
      "eps": 6.03,
      "epsADR": 1.08,
      "price": 111.65,
      "priceDate": "2021-09-30",
      "sharesDiluted": 25930,
      "segments": {
        "hpc": 153428,
        "smartphone": 182455,
        "iot": 37320,
        "automotive": 16587,
        "dce": 12440,
        "others": 12440,
        "_percentages": {
          "hpc": 37,
          "smartphone": 44,
          "iot": 9,
          "automotive": 4,
          "dce": 3,
          "others": 3
        }
      },
      "balanceSheet": null,
      "cashFlow": null,
      "hasPage": false
    },
    {
      "label": "FY2021 Q4",
      "fy": 2021,
      "q": 4,
      "revenue": 438189,
      "costOfRevenue": 207434,
      "grossProfit": 230755,
      "operatingExpenses": 47983,
      "operatingIncome": 182772,
      "nonOperatingIncome": 2047,
      "incomeBeforeTax": 184819,
      "incomeTaxExpense": 18587,
      "netIncome": 166232,
      "eps": 6.41,
      "epsADR": 1.15,
      "price": 120.31,
      "priceDate": "2021-12-31",
      "sharesDiluted": 25930,
      "segments": {
        "hpc": 162130,
        "smartphone": 192803,
        "iot": 39437,
        "automotive": 17528,
        "dce": 13146,
        "others": 13146,
        "_percentages": {
          "hpc": 37,
          "smartphone": 44,
          "iot": 9,
          "automotive": 4,
          "dce": 3,
          "others": 3
        }
      },
      "balanceSheet": null,
      "cashFlow": null,
      "hasPage": false
    },
    {
      "label": "FY2022 Q1",
      "fy": 2022,
      "q": 1,
      "revenue": 491076,
      "costOfRevenue": 217873,
      "grossProfit": 273203,
      "operatingExpenses": 49413,
      "operatingIncome": 223790,
      "nonOperatingIncome": 3042,
      "incomeBeforeTax": 226832,
      "incomeTaxExpense": 24099,
      "netIncome": 202733,
      "eps": 7.82,
      "epsADR": 1.4,
      "price": 104.26,
      "priceDate": "2022-03-31",
      "sharesDiluted": 25930,
      "segments": null,
      "balanceSheet": null,
      "cashFlow": null,
      "hasPage": false
    },
    {
      "label": "FY2022 Q2",
      "fy": 2022,
      "q": 2,
      "revenue": 534141,
      "costOfRevenue": 218673,
      "grossProfit": 315468,
      "operatingExpenses": 53344,
      "operatingIncome": 262124,
      "nonOperatingIncome": 3874,
      "incomeBeforeTax": 265998,
      "incomeTaxExpense": 28971,
      "netIncome": 237027,
      "eps": 9.14,
      "epsADR": 1.55,
      "price": 81.75,
      "priceDate": "2022-06-30",
      "sharesDiluted": 25930,
      "segments": null,
      "balanceSheet": null,
      "cashFlow": null,
      "hasPage": false
    },
    {
      "label": "FY2022 Q3",
      "fy": 2022,
      "q": 3,
      "revenue": 613142,
      "costOfRevenue": 242643,
      "grossProfit": 370499,
      "operatingExpenses": 60175,
      "operatingIncome": 310324,
      "nonOperatingIncome": 6367,
      "incomeBeforeTax": 316691,
      "incomeTaxExpense": 35825,
      "netIncome": 280866,
      "eps": 10.83,
      "epsADR": 1.79,
      "price": 68.56,
      "priceDate": "2022-09-30",
      "sharesDiluted": 25929,
      "segments": null,
      "balanceSheet": null,
      "cashFlow": null,
      "hasPage": false
    },
    {
      "label": "FY2022 Q4",
      "fy": 2022,
      "q": 4,
      "revenue": 625532,
      "costOfRevenue": 236347,
      "grossProfit": 389185,
      "operatingExpenses": 64144,
      "operatingIncome": 325041,
      "nonOperatingIncome": 9629,
      "incomeBeforeTax": 334670,
      "incomeTaxExpense": 38766,
      "netIncome": 295904,
      "eps": 11.41,
      "epsADR": 1.82,
      "price": 74.49,
      "priceDate": "2022-12-30",
      "sharesDiluted": 25929,
      "segments": {
        "hpc": 262723,
        "smartphone": 237702,
        "iot": 50043,
        "automotive": 37532,
        "dce": 12511,
        "others": 25021,
        "_percentages": {
          "hpc": 42,
          "smartphone": 38,
          "iot": 8,
          "automotive": 6,
          "dce": 2,
          "others": 4
        }
      },
      "balanceSheet": null,
      "cashFlow": null,
      "hasPage": false
    },
    {
      "label": "FY2023 Q1",
      "fy": 2023,
      "q": 1,
      "revenue": 508633,
      "costOfRevenue": 222133,
      "grossProfit": 286500,
      "operatingExpenses": 55262,
      "operatingIncome": 231238,
      "nonOperatingIncome": 13037,
      "incomeBeforeTax": 244275,
      "incomeTaxExpense": 37288,
      "netIncome": 206987,
      "eps": 7.98,
      "epsADR": 1.31,
      "price": 93.02,
      "priceDate": "2023-03-31",
      "sharesDiluted": 25929,
      "segments": {
        "hpc": 223799,
        "smartphone": 172935,
        "iot": 45777,
        "automotive": 35604,
        "dce": 10173,
        "others": 20345,
        "_percentages": {
          "hpc": 44,
          "smartphone": 34,
          "iot": 9,
          "automotive": 7,
          "dce": 2,
          "others": 4
        }
      },
      "balanceSheet": {
        "cashAndMarketable": 1589190,
        "accountsReceivable": 148050,
        "inventories": 216070,
        "netPPE": 2833400,
        "totalAssets": 5045840,
        "currentLiabilities": 873090,
        "longTermDebt": 854790,
        "totalLiabilities": 1952950,
        "totalEquity": 3092890
      },
      "cashFlow": {
        "operatingCF": 385240,
        "capex": -302500,
        "freeCashFlow": 82740,
        "dividends": -71300
      },
      "hasPage": false
    },
    {
      "label": "FY2023 Q2",
      "fy": 2023,
      "q": 2,
      "revenue": 480841,
      "costOfRevenue": 220641,
      "grossProfit": 260200,
      "operatingExpenses": 58242,
      "operatingIncome": 201958,
      "nonOperatingIncome": 12717,
      "incomeBeforeTax": 214675,
      "incomeTaxExpense": 32876,
      "netIncome": 181799,
      "eps": 7.01,
      "epsADR": 1.14,
      "price": 100.92,
      "priceDate": "2023-06-30",
      "sharesDiluted": 25929,
      "segments": {
        "hpc": 211570,
        "smartphone": 158678,
        "iot": 38467,
        "automotive": 38467,
        "dce": 14425,
        "others": 19234,
        "_percentages": {
          "hpc": 44,
          "smartphone": 33,
          "iot": 8,
          "automotive": 8,
          "dce": 3,
          "others": 4
        }
      },
      "balanceSheet": {
        "cashAndMarketable": 1489960,
        "accountsReceivable": 191030,
        "inventories": 234330,
        "netPPE": 2947230,
        "totalAssets": 5149470,
        "currentLiabilities": 810830,
        "longTermDebt": 907320,
        "totalLiabilities": 1944000,
        "totalEquity": 3205470
      },
      "cashFlow": {
        "operatingCF": 167250,
        "capex": -250530,
        "freeCashFlow": -83280,
        "dividends": -71300
      },
      "hasPage": false
    },
    {
      "label": "FY2023 Q3",
      "fy": 2023,
      "q": 3,
      "revenue": 546733,
      "costOfRevenue": 250090,
      "grossProfit": 296643,
      "operatingExpenses": 68578,
      "operatingIncome": 228065,
      "nonOperatingIncome": 13875,
      "incomeBeforeTax": 241940,
      "incomeTaxExpense": 30940,
      "netIncome": 211000,
      "eps": 8.14,
      "epsADR": 1.29,
      "price": 86.9,
      "priceDate": "2023-09-29",
      "sharesDiluted": 25929,
      "segments": null,
      "balanceSheet": {
        "cashAndMarketable": 1551320,
        "accountsReceivable": 222830,
        "inventories": 262090,
        "netPPE": 3132660,
        "totalAssets": 5484560,
        "currentLiabilities": 970040,
        "longTermDebt": 937490,
        "totalLiabilities": 2111740,
        "totalEquity": 3372820
      },
      "cashFlow": {
        "operatingCF": 294650,
        "capex": -226620,
        "freeCashFlow": 68030,
        "dividends": -71300
      },
      "hasPage": false
    },
    {
      "label": "FY2023 Q4",
      "fy": 2023,
      "q": 4,
      "revenue": 625529,
      "costOfRevenue": 293761,
      "grossProfit": 331768,
      "operatingExpenses": 71563,
      "operatingIncome": 260205,
      "nonOperatingIncome": 18076,
      "incomeBeforeTax": 278281,
      "incomeTaxExpense": 39569,
      "netIncome": 238712,
      "eps": 9.21,
      "epsADR": 1.44,
      "price": 104,
      "priceDate": "2023-12-29",
      "sharesDiluted": 25929,
      "segments": {
        "hpc": 268977,
        "smartphone": 268977,
        "iot": 31276,
        "automotive": 31276,
        "dce": 12511,
        "others": 12511,
        "_percentages": {
          "hpc": 43,
          "smartphone": 43,
          "iot": 5,
          "automotive": 5,
          "dce": 2,
          "others": 2
        }
      },
      "balanceSheet": {
        "cashAndMarketable": 1687650,
        "accountsReceivable": 201940,
        "inventories": 250990,
        "netPPE": 3064480,
        "totalAssets": 5532370,
        "currentLiabilities": 913580,
        "longTermDebt": 918280,
        "totalLiabilities": 2049110,
        "totalEquity": 3483260
      },
      "cashFlow": {
        "operatingCF": 394830,
        "capex": -170160,
        "freeCashFlow": 224670,
        "dividends": -77800
      },
      "hasPage": false
    },
    {
      "label": "FY2024 Q1",
      "fy": 2024,
      "q": 1,
      "revenue": 592644,
      "costOfRevenue": 278139,
      "grossProfit": 314505,
      "operatingExpenses": 65487,
      "operatingIncome": 249018,
      "nonOperatingIncome": 17525,
      "incomeBeforeTax": 266543,
      "incomeTaxExpense": 41058,
      "netIncome": 225485,
      "eps": 8.7,
      "epsADR": 1.38,
      "price": 136.05,
      "priceDate": "2024-03-28",
      "sharesDiluted": 25930,
      "segments": {
        "hpc": 272616,
        "smartphone": 225205,
        "iot": 35559,
        "automotive": 35559,
        "dce": 11853,
        "others": 11853,
        "_percentages": {
          "hpc": 46,
          "smartphone": 38,
          "iot": 6,
          "automotive": 6,
          "dce": 2,
          "others": 2
        }
      },
      "balanceSheet": {
        "cashAndMarketable": 1922660,
        "accountsReceivable": 201980,
        "inventories": 267120,
        "netPPE": 3051850,
        "totalAssets": 5787890,
        "currentLiabilities": 1026180,
        "longTermDebt": 965560,
        "totalLiabilities": 2122180,
        "totalEquity": 3665710
      },
      "cashFlow": {
        "operatingCF": 436310,
        "capex": -181300,
        "freeCashFlow": 255010,
        "dividends": -77800
      },
      "hasPage": true
    },
    {
      "label": "FY2024 Q2",
      "fy": 2024,
      "q": 2,
      "revenue": 673510,
      "costOfRevenue": 315385,
      "grossProfit": 358125,
      "operatingExpenses": 71569,
      "operatingIncome": 286556,
      "nonOperatingIncome": 19755,
      "incomeBeforeTax": 306311,
      "incomeTaxExpense": 58466,
      "netIncome": 247845,
      "eps": 9.56,
      "epsADR": 1.48,
      "price": 173.81,
      "priceDate": "2024-06-28",
      "sharesDiluted": 25931,
      "segments": {
        "hpc": 350225,
        "smartphone": 222258,
        "iot": 40411,
        "automotive": 33676,
        "dce": 13470,
        "others": 13470,
        "_percentages": {
          "hpc": 52,
          "smartphone": 33,
          "iot": 6,
          "automotive": 5,
          "dce": 2,
          "others": 2
        }
      },
      "balanceSheet": {
        "cashAndMarketable": 2048640,
        "accountsReceivable": 210210,
        "inventories": 272490,
        "netPPE": 3105860,
        "totalAssets": 5982360,
        "currentLiabilities": 1048920,
        "longTermDebt": 974340,
        "totalLiabilities": 2162220,
        "totalEquity": 3820140
      },
      "cashFlow": {
        "operatingCF": 377670,
        "capex": -205680,
        "freeCashFlow": 171990,
        "dividends": -90760
      },
      "hasPage": true
    },
    {
      "label": "FY2024 Q3",
      "fy": 2024,
      "q": 3,
      "revenue": 759692,
      "costOfRevenue": 320347,
      "grossProfit": 439345,
      "operatingExpenses": 78579,
      "operatingIncome": 360766,
      "nonOperatingIncome": 23421,
      "incomeBeforeTax": 384187,
      "incomeTaxExpense": 58929,
      "netIncome": 325258,
      "eps": 12.54,
      "epsADR": 1.94,
      "price": 173.67,
      "priceDate": "2024-09-30",
      "sharesDiluted": 25928,
      "segments": {
        "hpc": 387443,
        "smartphone": 258295,
        "iot": 53178,
        "automotive": 37985,
        "dce": 7597,
        "others": 15194,
        "_percentages": {
          "hpc": 51,
          "smartphone": 34,
          "iot": 7,
          "automotive": 5,
          "dce": 1,
          "others": 2
        }
      },
      "balanceSheet": {
        "cashAndMarketable": 2167600,
        "accountsReceivable": 249970,
        "inventories": 292880,
        "netPPE": 3071600,
        "totalAssets": 6165660,
        "currentLiabilities": 1080400,
        "longTermDebt": 936160,
        "totalLiabilities": 2143740,
        "totalEquity": 4021920
      },
      "cashFlow": {
        "operatingCF": 391990,
        "capex": -207080,
        "freeCashFlow": 184910,
        "dividends": -90760
      },
      "hasPage": true
    },
    {
      "label": "FY2024 Q4",
      "fy": 2024,
      "q": 4,
      "revenue": 868461,
      "costOfRevenue": 356082,
      "grossProfit": 512379,
      "operatingExpenses": 86666,
      "operatingIncome": 425713,
      "nonOperatingIncome": 23085,
      "incomeBeforeTax": 448798,
      "incomeTaxExpense": 74118,
      "netIncome": 374680,
      "eps": 14.45,
      "epsADR": 2.24,
      "price": 197.49,
      "priceDate": "2024-12-31",
      "sharesDiluted": 25929,
      "segments": {
        "hpc": 460284,
        "smartphone": 303961,
        "iot": 43423,
        "automotive": 34738,
        "dce": 8685,
        "others": 17369,
        "_percentages": {
          "hpc": 53,
          "smartphone": 35,
          "iot": 5,
          "automotive": 4,
          "dce": 1,
          "others": 2
        }
      },
      "balanceSheet": {
        "cashAndMarketable": 2422020,
        "accountsReceivable": 272090,
        "inventories": 287860,
        "netPPE": 3234980,
        "totalAssets": 6691940,
        "currentLiabilities": 1264530,
        "longTermDebt": 958430,
        "totalLiabilities": 2368360,
        "totalEquity": 4323580
      },
      "cashFlow": {
        "operatingCF": 620210,
        "capex": -361950,
        "freeCashFlow": 258260,
        "dividends": -103730
      },
      "hasPage": true
    },
    {
      "label": "FY2025 Q1",
      "fy": 2025,
      "q": 1,
      "revenue": 839254,
      "costOfRevenue": 345859,
      "grossProfit": 493395,
      "operatingExpenses": 86314,
      "operatingIncome": 407081,
      "nonOperatingIncome": 23814,
      "incomeBeforeTax": 430895,
      "incomeTaxExpense": 69331,
      "netIncome": 361564,
      "eps": 13.94,
      "epsADR": 2.12,
      "price": 166,
      "priceDate": "2025-03-31",
      "sharesDiluted": 25929,
      "segments": {
        "hpc": 495160,
        "smartphone": 234991,
        "iot": 41963,
        "automotive": 41963,
        "dce": 8393,
        "others": 16785,
        "_percentages": {
          "hpc": 59,
          "smartphone": 28,
          "iot": 5,
          "automotive": 5,
          "dce": 1,
          "others": 2
        }
      },
      "balanceSheet": {
        "cashAndMarketable": 2703090,
        "accountsReceivable": 243950,
        "inventories": 293390,
        "netPPE": 3400810,
        "totalAssets": 7133290,
        "currentLiabilities": 1399800,
        "longTermDebt": 986980,
        "totalLiabilities": 2531660,
        "totalEquity": 4601630
      },
      "cashFlow": {
        "operatingCF": 625570,
        "capex": -330830,
        "freeCashFlow": 294740,
        "dividends": -103720
      },
      "hasPage": true
    },
    {
      "label": "FY2025 Q2",
      "fy": 2025,
      "q": 2,
      "revenue": 933792,
      "costOfRevenue": 386423,
      "grossProfit": 547369,
      "operatingExpenses": 83946,
      "operatingIncome": 463423,
      "nonOperatingIncome": 29613,
      "incomeBeforeTax": 493036,
      "incomeTaxExpense": 94763,
      "netIncome": 398273,
      "eps": 15.36,
      "epsADR": 2.47,
      "price": 226.49,
      "priceDate": "2025-06-30",
      "sharesDiluted": 25929,
      "segments": null,
      "balanceSheet": null,
      "cashFlow": null,
      "hasPage": true
    }
  ],
  "currentQuarter": {
    "fy": 2025,
    "q": 2,
    "label": "FY2025 Q2"
  },
  "prevPage": {
    "fy": 2025,
    "q": 1,
    "label": "FY2025 Q1"
  },
  "nextPage": {
    "fy": 2025,
    "q": 3,
    "label": "FY2025 Q3"
  }
}